% Encoding: UTF-8

@Book{dowd1998high,
    author = {Dowd, Kevin},
    title = {High performance computing},
    publisher = {O'Reilly \& Associates},
    year = {1998},
    address = {Cambridge Sebastopol, CA},
    isbn = {9781565923126}
}

@Book{gamma1995design,
    author = {Gamma, Erich},
    title = {Design patterns : elements of reusable object-oriented software},
    publisher = {Addison-Wesley},
    year = {1995},
    address = {Reading, Mass},
    isbn = {9780201633610}
}

@Book{buschmann1996pattern-oriented,
    author = {Buschmann, Frank},
    title = {Pattern-oriented software architecture : a system of patterns},
    publisher = {Wiley},
    year = {1996},
    address = {Chichester New York},
    isbn = {9780471958697}
}

@misc{yaml-web,
    author = {Ingo LÃ¼tkebohle},
    title = {{The Official YAML Web Site}},
    howpublished = "\url{https://yaml.org/}",
    year = {2008},
    note = "[Online; accessed 19-July-2008]"
}
